/home/spock/HIG/DVG001_Linux-natverk/lab/refs-common.bib